<record><leader>00000cas a22000007a 4500</leader><controlfield tag="001">15731776</controlfield><controlfield tag="008">870526u18uuuuuumsuuu ne     s0    0eng d</controlfield><datafield ind1=" " ind2=" " tag="010"><subfield code="a">sn 87065712 </subfield></datafield><datafield ind1=" " ind2=" " tag="040"><subfield code="a">MPC</subfield><subfield code="b">eng</subfield><subfield code="c">MPC</subfield><subfield code="d">MSJ</subfield><subfield code="d">OCLCQ</subfield><subfield code="d">OCLCO</subfield></datafield><datafield ind1="1" ind2=" " tag="029"><subfield code="a">AU@</subfield><subfield code="b">000025789811</subfield></datafield><datafield ind1=" " ind2=" " tag="042"><subfield code="a">msc</subfield></datafield><datafield ind1="0" ind2="0" tag="245"><subfield code="a">Mississippi homes.</subfield></datafield><datafield ind1=" " ind2=" " tag="260"><subfield code="a">Jackson, Miss. :</subfield><subfield code="b">State Board of Immigration and Agriculture</subfield></datafield><datafield ind1=" " ind2=" " tag="588"><subfield code="a">Description based on: July 1878.</subfield></datafield><datafield ind1="1" ind2=" " tag="710"><subfield code="a">Mississippi.</subfield><subfield code="b">State Board of Immigration and Agriculture.</subfield></datafield><datafield ind1=" " ind2=" " tag="752"><subfield code="a">United States</subfield><subfield code="b">Mississippi</subfield><subfield code="c">Hinds</subfield><subfield code="d">Jackson.</subfield></datafield></record>